
@article{Ribeiro2020,
author = {Ricardo Ribeiro, JÃºlio Silva},
title = {{UA . PT Bioinformatics at ImageCLEF 2020 : Lifelog Moment Retrieval Web based Tool}},
year = {2020},
}


